@misc { Mandelbrotset,
	author = "Christopher Clapham and James Nicholson",
	title = "Mandelbrot set",
	year = "2014",
	publisher = "Oxford University Press",
	isbn = "9780199679591",
	url = "https://www.oxfordreference.com/view/10.1093/acref/9780199679591.001.0001/acref-9780199679591-e-1759"
}

@inproceedings{ristov2016superlinear,
	title={Superlinear speedup in HPC systems: Why and when?},
	author={Ristov, Sasko and Prodan, Radu and Gusev, Marjan and Skala, Karolj},
	booktitle={2016 Federated Conference on Computer Science and Information Systems (FedCSIS)},
	pages={889--898},
	year={2016},
	organization={IEEE}
}

@article{bernstein1996analysis,
	title={Analysis of programs for parallel processing},
	author={Bernstein, Arthur J},
	journal={IEEE Trans. Elec. Comp. EC},
	volume={15},
	pages={746--757},
	year={1996}
}


@Inbook{Feautrier2011,
	author="Feautrier, Paul",
	editor="Padua, David",
	title="Bernstein's Conditions",
	bookTitle="Encyclopedia of Parallel Computing",
	year="2011",
	publisher="Springer US",
	address="Boston, MA",
	pages="130--134",
	isbn="978-0-387-09766-4",
	doi="10.1007/978-0-387-09766-4_521",
	url="https://doi.org/10.1007/978-0-387-09766-4_521"
}
